
@book{Jeffery1992,
  title = {Re-Envisioning Past Musical Cultures: Ethnomusicology in the Study of Gregorian Chant},
  author = {Jeffery, Peter},
  year = {1992},
  publisher = {University of Chicago Press},
  address = {Chicago and London},
  isbn = {0-226-39579-0},
  series = {Chicago Studies in Ethnomusicology}
}


@inproceedings{Ford2004,
  title = {Parsing Expression Grammars: A Recognition-Based Syntactic Foundation},
  shorttitle = {Parsing Expression Grammars},
  booktitle = {Proceedings of the 31st {{ACM SIGPLAN}}-{{SIGACT}} Symposium on {{Principles}} of Programming Languages  - {{POPL}} '04},
  author = {Ford, Bryan},
  year = {2004},
  pages = {111--122},
  publisher = {{ACM Press}},
  address = {{Venice, Italy}},
  doi = {10/ddkr4k},
  isbn = {978-1-58113-729-3},
  language = {en}
}


@article{Dejanovic2016,
  title = {Arpeggio: {{A}} Flexible {{PEG}} Parser for {{Python}}},
  shorttitle = {Arpeggio},
  author = {Dejanovi{\'c}, I. and Milosavljevi{\'c}, G. and Vaderna, R.},
  year = {2016},
  month = mar,
  volume = {95},
  pages = {71--74},
  issn = {09507051},
  doi = {10/f79cb2},
  journal = {Knowledge-Based Systems},
  language = {en}
}




@inproceedings{Cuthbert2010,
  title = {Music21: {{A Toolkit}} for {{Computer}}-{{Aided Musicology}} and {{Symbolic Music Data}}},
  booktitle = {Proceedings of the 11th {{International Conference}} on {{Music Information Retrieval}} ({{ISMIR}} 2010)},
  author = {Cuthbert, Michael Scott and Ariza, Christopher},
  year = {2010},
  pages = {637--642},
  address = {{Utrecht, The Netherlands}},
  language = {en}
}



@article{Savage2017a,
	title = {Global Music Recordings Support the Motor Constraint Hypothesis for Human and Avian Song Contour},
	volume = {34},
	issn = {0730-7829, 1533-8312},
	doi = {10/ggmd4f},
	language = {en},
	number = {3},
	urldate = {2020-02-24},
	journal = {Music Perception: An Interdisciplinary Journal},
	author = {Savage, Patrick E. and Tierney, Adam T. and Patel, Aniruddh D.},
	year = {2017},
	pages = {327--334},
}


@article{Tierney2011,
	title = {The Motor Origins of Human and Avian Song Structure},
	volume = {108},
	issn = {0027-8424, 1091-6490},
	doi = {10/b65mxj},
	language = {en},
	number = {37},
	urldate = {2020-02-17},
	journal = {Proceedings of the National Academy of Sciences},
	author = {Tierney, A. T. and Russo, F. A. and Patel, A. D.},
	year = {2011},
	pages = {15510--15515},
}

@article{Huron1996,
	title = {The Melodic Arch in Western Folksongs},
	volume = {10},
	journal = {Computing in Musicology},
	author = {Huron, David},
	year = {1996},
	pages = {3--23},
}


@inproceedings{Shaw2018,
  title = {Differentiae in the {{Cantus}} Manuscript {{Database}}: Standardization and Musicological Application},
  shorttitle = {{\emph{Differentiae}} in the {\emph{Cantus Manuscript Database}}},
  booktitle = {Proceedings of the 5th {{International Conference}} on {{Digital Libraries}} for {{Musicology}} - {{DLfM}} '18},
  author = {Shaw, Rebecca},
  year = {2018},
  pages = {38--46},
  publisher = {{ACM Press}},
  address = {{Paris, France}},
  doi = {10/gg572p},
  isbn = {978-1-4503-6522-2},
  language = {en}
}


@article{Helsen2011,
  title = {A Report on the Encoding of Melodic Incipits in the {{CANTUS}} Database with the Music Font `{{Volpiano}}'},
  author = {Helsen, Kate and Lacoste, Debra},
  year = {2011},
  month = apr,
  volume = {20},
  pages = {51--65},
  issn = {0961-1371, 1474-0087},
  doi = {10/bptj5d},
  journal = {Plainsong and Medieval Music},
  language = {en},
  number = {01}
}






@misc{Savage2018a,
	type = {preprint},
	title = {An Overview of Cross-Cultural Music Corpus Studies},
	url = {https://osf.io/nxtbg},
	language = {en},
	urldate = {2020-02-24},
	institution = {SocArXiv},
	author = {Savage, Patrick E.},
	month = feb,
	year = {2018},
	doi = {10.31235/osf.io/nxtbg},
}




@article{Mehr2019,
	title = {Universality and Diversity in Human Song},
	volume = {366},
	issn = {0036-8075, 1095-9203},
	doi = {10/ggdvjp},
	language = {en},
	number = {6468},
	urldate = {2019-12-03},
	journal = {Science},
	author = {Mehr, Samuel A. and Singh, Manvir and Knox, Dean and Ketter, Daniel M. and Pickens-Jones, Daniel and Atwood, S. and Lucas, Christopher and Jacoby, Nori and Egner, Alena A. and Hopkins, Erin J. and Howard, Rhea M. and Hartshorne, Joshua K. and Jennings, Mariela V. and Simson, Jan and Bainbridge, Constance M. and Pinker, Steven and O’Donnell, Timothy J. and Krasnow, Max M. and Glowacki, Luke},
	year = {2019},
	pages = {eaax0868},
}

@book{Hiley2009,
	address = {Cambridge},
	title = {Gregorian {Chant}},
	isbn = {978-0-511-80784-8},
	url = {http://ebooks.cambridge.org/ref/id/CBO9780511807848},
	urldate = {2019-04-11},
	publisher = {Cambridge University Press},
	author = {Hiley, David},
	year = {2009},
	doi = {10.1017/CBO9780511807848}
}


@inproceedings{Tzanetakis2014,
  title = {Computational Ethnomusicology: A Music Information Retrieval Perspective},
  booktitle = {Proceedings of the 2014 {{International Computer Music Conference}}},
  author = {Tzanetakis, George},
  year = {2014},
  pages = {69--74},
  publisher = {{International Computer Music Association}},
  address = {{Athens, Greece}},
  language = {en}
}

@article{Tzanetakis2007,
  title = {Computational Ethnomusicology},
  author = {Tzanetakis, George and Kapur, Ajay and Schloss, W Andrew and Wright, Matthew},
  year = {2007},
  volume = {1},
  pages = {1--24},
  journal = {Journal of Interdisciplinary Music Studies},
  language = {en},
  number = {2}
}

@inproceedings{Cornelissen2020,
	address = {Montréal, Canada},
	title = {Mode Classification and Natural Units in Plainchant},
	language = {en},
	booktitle = {Proceedings of the 21th {International} {Conference} on {Music} {Information} {Retrieval} ({ISMIR} 2020)},
	author = {Cornelissen, Bas and Zuidema, Willem and Burgoyne, John Ashley},
	year = {2020},
	pages = {},
}



@inproceedings{vanKranenburg2017,
  title = {Comparing Offertory Melodies of Five Medieval {Christian} Chant Traditions},
  booktitle = {Proceedings of the 18th International Conference on Music Information Retrieval (ISMIR 2017)},
  year = {2017},
  pages = {204–210},
  author = {van Kranenburg, Peter and Maessen, Geert},
  options = {useprefix=true},
}



@article{Huron2006a,
  title = {A Cognitive Approach to Medieval Mode: Evidence for an Historical Antecedent to the Major/Minor System},
  shorttitle = {A {{Cognitive Approach}} to {{Medieval Mode}}},
  author = {Huron, David and Veltman, Joshua},
  year = {2006},
  volume = {1},
  pages = {33--55},
  issn = {15595749},
  doi = {10/ggbgdc},
  language = {en},
  number = {1}
}

@Misc{johnson2014,
author = {Kyle P. Johnson et al.},
title = {CLTK: The Classical Language Toolkit},
howpublished = {\url{https://github.com/cltk/cltk}},
year = {2014--2019},
}


@inproceedings{McKay2015,
  title = {Building an Infrastructure for a 21st-Century Global Music Library},
  booktitle = {Proceedings of the 16th International Conference on Music Information Retrieval (ISMIR 2015)},
  year = {2015},
  pages = {2},
  author = {McKay, Cory and Fujinaga, Ichiro},
}


@incollection{Powers2001,
  title = {Mode},
  booktitle = {Grove Music Online},
  author = {Powers, Harold S. and Wiering, Frans and Porter, James and Cowdery, James and Widdess, Richard and Davis, Ruth and Perlman, Marc and Jones, Stephen and Marett, Allan},
  year = {2001},
  volume = {1},
  publisher = {{Oxford University Press}},
  doi = {10.1093/gmo/9781561592630.article.43718},
  language = {en}
}

@misc{Cantus,
  author={Lacoste, Debra and Bailey, Terence and Steiner, Ruth and Koláček, Jan},
  year={1987-2019},
  title={Cantus: A Database for {Latin} Ecclesiastical Chant},
  howpublished={\url{http://cantus.uwaterloo.ca/}},
  note={Directed by Debra Lacoste (2011-), Terence Bailey (1997-2010), and Ruth Steiner (1987-1996). Web developer, Jan Koláček (2011-).}
}

@misc{Gregobase,
  author={Olivier Berten and contributors},
  year={2013-2020},
  title={GregoBase: A Database of Gregorian Scores},
  howpublished={\url{https://gregobase.selapa.net/}}
}


@inproceedings{Panteli2013,
  title = {A Computational Comparison of Theory and Practice of Scale Intonation in Byzantine Chant},
  booktitle = {Proceedings of the 14th International Conference on Music Information Retrieval (ISMIR 2013)},
  author = {Panteli, Maria and Purwins, Hendrik},
  year = {2013},
  pages = {169-174},
  address = {Curitiba, Brazil},
  language = {en}
}



@inproceedings{Biro2012,
  title = {Stability and Variation in Cadence Formulas in Oral and Semi-Oral Chant Traditions –  a Computational Approach},
  booktitle = {Proceedings of the 12th International Conference on Music Perception and Cognition and the 8th Triennial Conference of the European Society for the Cognitive Sciences of Music},
  author = {Bir{\'o}, D{\'a}niel P{\'e}ter and {van Kranenburg}, P and Ness, Steven and Tzanetakis, George and Volk, Anja},
  year = {2012},
  pages = {98--105},
}
